@book{Curry,
    author = {Curry, J.A. and Webster, P.J.},
    editor = {},
    title = {Thermodynamics of atmospheres and oceans},
    publisher = {Academic Press},
    year = {1999}
}
